% Encoding: UTF-8

@Book{field2013,
	series = {Transactions of the {American} {Philosophical} {Society}},
	title = {Discovering Statistics Using R},
	isbn = {1446258467},
	publisher = {SAGE},
	author = {Field, Andy and Miles, Jeremy and Field, ZoÃ«},
	year = {2013}
}

@Manual{nlme,    title = {{nlme}: Linear and Nonlinear Mixed Effects Models},    author = {Jose Pinheiro and Douglas Bates and Saikat DebRoy and Deepayan Sarkar and {R Core Team}},    year = {2019},    note = {R package version 3.1-139},    url = {https://CRAN.R-project.org/package=nlme},  }

 @Book{car,    title = {An {R} Companion to Applied Regression},    edition = {Third},    author = {John Fox and Sanford Weisberg},    year = {2019},    publisher = {Sage},    address = {Thousand Oaks {CA}},    url = {https://socialsciences.mcmaster.ca/jfox/Books/Companion/},  }

@book{cohen2013,
  title={Statistical power analysis for the behavioral sciences},
  author={Cohen, Jacob},
  year={2013},
  publisher={Routledge}
}

@Article{santolin2019a,
  author    = {Chiara Santolin and Jenny R. Saffran},
  title     = {{Non-Linguistic Grammar Learning by 12-Month-Old Infants: Evidence for Constraints on Learning}},
  journal   = {Journal of Cognition and Development},
  year      = {2019},
  volume    = {0},
  number    = {0},
  pages     = {1-9},
  doi       = {10.1080/15248372.2019.1604525},
  publisher = {Routledge},
  url       = {https://doi.org/10.1080/15248372.2019.1604525},
}

@Conference{santolin2019b,
  author    = {Santolin, Chiara and Saffran, Jenny R. and Sebastian-Galles, Nuria},
  title     = {Non-linguistic artificial grammar learning in 12-month-old infants: a cross-lab replication study},
  booktitle = {Wosrkshop on Infant Language Development (WILD) 2019},
  year      = {2019},
  address   = {Potsdam, Germany},
  month     = jun,
  url       = {https://www.uni-potsdam.de/wild2019/programme.html#presentations},
}

@Comment{jabref-meta: databaseType:bibtex;}
